@mastersthesis{navarro2011ecuaciones,
  title={Ecuaciones en diferencias de Volterra y aproximaci{\'o}n num{\'e}rica para ecuaciones integrales},
  author={Navarro Rojas, Frank},
  date={2011},
  school={Universidad Nacional Mayor de San Marcos. Programa Cybertesis PER{\'U}}
}
@article{10.1093/comjnl/12.4.393,
    author = {Linz, P.},
    title = {Numerical methods for Volterra integral equations of the first kind},
    journal = {The Computer Journal},
    volume = {12},
    number = {4},
    pages = {393-397},
    year = {1969},
    month = {01},
    abstract = {This paper contains a study of numerical methods for solving linear Volterra integral equations of the first kind. A number of convergent approximation schemes are given, but it is found that certain other ‘obvious’ approaches yield unstable algorithms. Means for improving the results of the convergent methods are discussed.},
    issn = {0010-4620},
    doi = {10.1093/comjnl/12.4.393},
    url = {https://doi.org/10.1093/comjnl/12.4.393},
    eprint = {https://academic.oup.com/comjnl/article-pdf/12/4/393/1026131/120393.pdf},
}
@book{rahman2007integral,
  title={Integral Equations and Their Applications},
  author={Rahman, M.},
  isbn={9781845641016},
  lccn={2007922339},
  url={https://books.google.es/books?id=6UjQCwAAQBAJ},
  year={2007},
  publisher={WIT}
}
@book{sobolev1969course,
  title={Course in Theoretical Astrophysics},
  author={Sobolev, V.V.},
  number={n.{\textordmasculine} 531},
  series={Course in Theoretical Astrophysics},
  url={https://books.google.es/books?id=GPZEAAAAIAAJ},
  year={1969},
  publisher={National Aeronautics and Space Administration}
}
@misc{WolframAlphaVolt,
author={WolframAlpha},
title={Solución de una ecuación integral de Volterra: Nuevo en Wolfram Language 11},
url={https://www.wolfram.com/language/11/symbolic-and-numeric-calculus/solve-a-volterra-integral-equation.html.es},
note={[Consultado: 15/12/2024]}
}